@article{Pauli:1930pc,
      author         = "Pauli, W.",
      title          = "{Dear radioactive ladies and gentlemen}",
      journal        = "Phys. Today",
      volume         = "31N9",
      year           = "1978",
      pages          = "27",
      SLACcitation   = "%%CITATION = PHTOA,31N9,27;%%"
}

@article{Goldhaber:1958nb,
      author         = "Goldhaber, M. and Grodzins, L. and Sunyar, A. W.",
      title          = "{Helicity of Neutrinos}",
      journal        = "Phys. Rev.",
      volume         = "109",
      year           = "1958",
      pages          = "1015-1017",
      doi            = "10.1103/PhysRev.109.1015",
      SLACcitation   = "%%CITATION = PHRVA,109,1015;%%"
}

@article{Cowan:1992xc,
      author         = "Cowan, C. L. and Reines, F. and Harrison, F. B. and
                        Kruse, H. W. and McGuire, A. D.",
      title          = "{Detection of the free neutrino: A Confirmation}",
      journal        = "Science",
      volume         = "124",
      year           = "1956",
      pages          = "103-104",
      doi            = "10.1126/science.124.3212.103",
      SLACcitation   = "%%CITATION = SCIEA,124,103;%%"
}

@article{Fermi:1933jpa,
      author         = "Fermi, Enrico",
      title          = "{Tentativo di una teoria dell'emissione dei raggi beta}",
      journal        = "Ric. Sci.",
      volume         = "4",
      year           = "1933",
      pages          = "491-495",
      SLACcitation   = "%%CITATION = RISCA,4,491;%%"
}

@inproceedings{deGouvea:2004gd,
      author         = "de Gouvea, Andre",
      title          = "{TASI lectures on neutrino physics}",
      booktitle      = "{Physics in D >= 4. Proceedings, Theoretical Advanced
                        Study Institute in elementary particle physics, TASI 2004,
                        Boulder, USA, June 6-July 2, 2004}",
      year           = "2004",
      pages          = "197-258",
      eprint         = "hep-ph/0411274",
      archivePrefix  = "arXiv",
      primaryClass   = "hep-ph",
      reportNumber   = "NUHEP-TH-04-17",
      SLACcitation   = "%%CITATION = HEP-PH/0411274;%%"
}

@inproceedings{Cahn:2013taa,
      author         = "Cahn, R. N. and Dwyer, D. A. and Freedman, S. J. and
                        Haxton, W. C. and Kadel, R. W. and Kolomensky, {\relax
                        Yu}. G. and Luk, K. B. and McDonald, P. and Orebi Gann, G.
                        D. and Poon, A. W. P.",
      title          = "{White Paper: Measuring the Neutrino Mass Hierarchy}",
      booktitle      = "{Proceedings, 2013 Community Summer Study on the Future
                        of U.S. Particle Physics: Snowmass on the Mississippi
                        (CSS2013): Minneapolis, MN, USA, July 29-August 6, 2013}",
      url            = "http://www.slac.stanford.edu/econf/C1307292/docs/submittedArxivFiles/1307.5487.pdf",
      year           = "2013",
      eprint         = "1307.5487",
      archivePrefix  = "arXiv",
      primaryClass   = "hep-ex",
      SLACcitation   = "%%CITATION = ARXIV:1307.5487;%%"
}

@article{PhysRevLett.9.36,
  title = {Observation of High-Energy Neutrino Reactions and the Existence of Two Kinds of Neutrinos},
  author = {Danby, G. and Gaillard, J-M. and Goulianos, K. and Lederman, L. M. and Mistry, N. and Schwartz, M. and Steinberger, J.},
  journal = {Phys. Rev. Lett.},
  volume = {9},
  issue = {1},
  pages = {36--44},
  numpages = {0},
  year = {1962},
  month = {7},
  publisher = {American Physical Society},
  doi = {10.1103/PhysRevLett.9.36},
  url = {https://link.aps.org/doi/10.1103/PhysRevLett.9.36}
}

@article{Kodama:2000mp,
      author         = "Kodama, K. and others",
      title          = "{Observation of tau neutrino interactions}",
      collaboration  = "DONUT",
      journal        = "Phys. Lett.",
      volume         = "B504",
      year           = "2001",
      pages          = "218-224",
      doi            = "10.1016/S0370-2693(01)00307-0",
      eprint         = "hep-ex/0012035",
      archivePrefix  = "arXiv",
      primaryClass   = "hep-ex",
      reportNumber   = "FERMILAB-PUB-00-335-E",
      SLACcitation   = "%%CITATION = HEP-EX/0012035;%%"
}

@article{Fukuda:1998mi,
      author         = "Fukuda, Y. and others",
      title          = "{Evidence for oscillation of atmospheric neutrinos}",
      collaboration  = "Super-Kamiokande",
      journal        = "Phys. Rev. Lett.",
      volume         = "81",
      year           = "1998",
      pages          = "1562-1567",
      doi            = "10.1103/PhysRevLett.81.1562",
      eprint         = "hep-ex/9807003",
      archivePrefix  = "arXiv",
      primaryClass   = "hep-ex",
      reportNumber   = "BU-98-17, ICRR-REPORT-422-98-18, UCI-98-8,
                        KEK-PREPRINT-98-95, LSU-HEPA-5-98, UMD-98-003, SBHEP-98-5,
                        TKU-PAP-98-06, TIT-HPE-98-09",
      SLACcitation   = "%%CITATION = HEP-EX/9807003;%%"
}

@article{Ahmad:2002jz,
      author         = "Ahmad, Q. R. and others",
      title          = "{Direct evidence for neutrino flavor transformation from
                        neutral current interactions in the Sudbury Neutrino
                        Observatory}",
      collaboration  = "SNO",
      journal        = "Phys. Rev. Lett.",
      volume         = "89",
      year           = "2002",
      pages          = "011301",
      doi            = "10.1103/PhysRevLett.89.011301",
      eprint         = "nucl-ex/0204008",
      archivePrefix  = "arXiv",
      primaryClass   = "nucl-ex",
      SLACcitation   = "%%CITATION = NUCL-EX/0204008;%%"
}

@article{Gando:2010aa,
      author         = "Gando, A. and others",
      title          = "{Constraints on $\theta_{13}$ from A Three-Flavor
                        Oscillation Analysis of Reactor Antineutrinos at KamLAND}",
      collaboration  = "KamLAND",
      journal        = "Phys. Rev.",
      volume         = "D83",
      year           = "2011",
      pages          = "052002",
      doi            = "10.1103/PhysRevD.83.052002",
      eprint         = "1009.4771",
      archivePrefix  = "arXiv",
      primaryClass   = "hep-ex",
      SLACcitation   = "%%CITATION = ARXIV:1009.4771;%%"
}

@article{Esteban:2018azc,
      author         = "Esteban, Ivan and Gonzalez-Garcia, M. C. and
                        Hernandez-Cabezudo, Alvaro and Maltoni, Michele and
                        Schwetz, Thomas",
      title          = "{Global analysis of three-flavour neutrino oscillations:
                        synergies and tensions in the determination of $\theta_23,
                        \delta_CP$, and the mass ordering}",
      year           = "2018",
      eprint         = "1811.05487",
      archivePrefix  = "arXiv",
      primaryClass   = "hep-ph",
      reportNumber   = "IFT-UAM/CSIC-18-112, YITP-SB-18-34",
      SLACcitation   = "%%CITATION = ARXIV:1811.05487;%%"
}

@article{Fukugita:1986hr,
      author         = "Fukugita, M. and Yanagida, T.",
      title          = "{Baryogenesis Without Grand Unification}",
      journal        = "Phys. Lett.",
      volume         = "B174",
      year           = "1986",
      pages          = "45-47",
      doi            = "10.1016/0370-2693(86)91126-3",
      reportNumber   = "RIFP-641",
      SLACcitation   = "%%CITATION = PHLTA,B174,45;%%"
}

@article{PhysRevD.98.030001,
  title = {Review of Particle Physics},
  author = {Tanabashi, M. and others},
  collaboration = {Particle Data Group},
  journal = {Phys. Rev. D},
  volume = {98},
  issue = {3},
  pages = {030001},
  numpages = {1898},
  year = {2018},
  month = {8},
  publisher = {American Physical Society},
  doi = {10.1103/PhysRevD.98.030001},
  url = {https://link.aps.org/doi/10.1103/PhysRevD.98.030001}
}

@article{Aguilar-Arevalo:2018gpe,
      author         = "Aguilar-Arevalo, A. A. and others",
      title          = "{Significant Excess of ElectronLike Events in the
                        MiniBooNE Short-Baseline Neutrino Experiment}",
      collaboration  = "MiniBooNE",
      journal        = "Phys. Rev. Lett.",
      volume         = "121",
      year           = "2018",
      pages          = "221801",
      doi            = "10.1103/PhysRevLett.121.221801",
      eprint         = "1805.12028",
      archivePrefix  = "arXiv",
      primaryClass   = "hep-ex",
      reportNumber   = "LA-UR-18-24586, FERMILAB-PUB-18-219, LA-UR-18-24586",
      SLACcitation   = "%%CITATION = ARXIV:1805.12028;%%"
}

@article{Aguilar:2001ty,
      author         = "Aguilar-Arevalo, A. and others",
      title          = "{Evidence for neutrino oscillations from the observation
                        of anti-neutrino(electron) appearance in a
                        anti-neutrino(muon) beam}",
      collaboration  = "LSND",
      journal        = "Phys. Rev.",
      volume         = "D64",
      year           = "2001",
      pages          = "112007",
      doi            = "10.1103/PhysRevD.64.112007",
      eprint         = "hep-ex/0104049",
      archivePrefix  = "arXiv",
      primaryClass   = "hep-ex",
      SLACcitation   = "%%CITATION = HEP-EX/0104049;%%"
}

@article{Otten:2008zz,
      author         = "Otten, E. W. and Weinheimer, C.",
      title          = "{Neutrino mass limit from tritium beta decay}",
      journal        = "Rept. Prog. Phys.",
      volume         = "71",
      year           = "2008",
      pages          = "086201",
      doi            = "10.1088/0034-4885/71/8/086201",
      eprint         = "0909.2104",
      archivePrefix  = "arXiv",
      primaryClass   = "hep-ex",
      SLACcitation   = "%%CITATION = ARXIV:0909.2104;%%"
}

@article{Ade:2015xua,
      author         = "Ade, P. A. R. and others",
      title          = "{Planck 2015 results. XIII. Cosmological parameters}",
      collaboration  = "Planck",
      journal        = "Astron. Astrophys.",
      volume         = "594",
      year           = "2016",
      pages          = "A13",
      doi            = "10.1051/0004-6361/201525830",
      eprint         = "1502.01589",
      archivePrefix  = "arXiv",
      primaryClass   = "astro-ph.CO",
      SLACcitation   = "%%CITATION = ARXIV:1502.01589;%%"
}